@Book{		  rudin:principles,
  title		= {Principles of Mathematical Analysis},
  author	= {Rudin, Walter},
  year		= {1976},
  publisher	= {McGraw-Hill Publishing Co.}
}

@Book{		  abramowitz.stegun:handbook,
  author	= "Milton {Abramowitz} and Irene A. {Stegun}",
  title		= "Handbook of Mathematical Functions with Formulas, Graphs,
		  and Mathematical Tables",
  publisher	= "Dover",
  year		= 1964,
  address	= "New York",
  edition	= "ninth Dover printing, tenth GPO printing"
}

@book{adams2003sobolev,
  title={Sobolev Spaces},
  author={Adams, Robert A and Fournier, John JF},
  volume={140},
  year={2003},
  publisher={Elsevier}
}

@book{rudin2006real,
  title={Real and Complex Analysis},
  author={Rudin, Walter},
  year={2006},
  publisher={Tata McGraw-Hill Education}
}

@Book{		  intro_FA,
  author	= "Elias M. {Stein} and Rami {Shakarchi}",
  title		= "Fourier Analysis : An Introduction",
  publisher	= "Princeton University Press",
  year		= 2003,
  address	= "Princeton",
  edition	= "1st"
}

@Book{		  AF_applications,
  author	= "Claude {Gasquet} and Patrick {Witomski}",
  title		= "Analyse De Fourier et Applications : Filtrage, calcul numérique et
  ondelettes",
  publisher	= "Dunod",
  year		= 2000,
  address	= "Paris"
}
@Book{		  students_guide_FT,
  author	= "J.F. {James}",
  title		= "A Student's Guide to Fourier Transforms",
  publisher	= "Cambridge University Press",
  year		= 2011,
  address	= "Cambridge",
  edition	= "3rd edition"
}

@book{pierreFWA,
  title={Mathematical Principles of Signal Processing : Fourier and Wavelet Analysis},
  author={Pierre Brémaud},
  year={2002},
  publisher={Springer}, 
  address = "New York"
}

@book{firstcourse_wfa,
  title={A First Course in Wavelets with Fourier Analysis},
  author={Albert {Boggess} and Francis J. {Narcowich} },
  year={2009},
  publisher={Wiley}
}

@book{wavelets_Kaiser,
  title={A Friendly Guide to Wavelets},
  author={Gerald Kaiser},
  year={1994},
  publisher={Birkhäuser}
}

@book{wavelets_primer,
  title={Introduction to Wavelets and Wavelet Transforms},
  author={C. Sidney {Burrus}, Ramesh A. {Gopinath} and Haitao {Guo}},
  year={1998},
  publisher={Prentice-Hall}
}

@book{waveletTour_Mallat,
  title={A Wavelet Tour of Signal Processing},
  author={Stéphane Mallat},
  year={1999},
  publisher={Academic Press}
}
@Book{		  axler_measure,
  title		= {Measure, Integration & Real analysis},
  author	= {Axler, Shelder},
  year		= {2019},
  publisher	= {Prelimnary edition}
}
@Book{		  asmar_fourpde,
  title		= {Partial Differential Equations : with Fourier Series and Boundary Value
            Problems},
  author	= {Nakhlé H. {Asmar}},
  year		= {2005},
  publisher	= {Pearson},
  edition = {2nd edition}
}
